@Book{Aho2008,
  author    = {Aho, A. V. and Lam, M. S. and Sethi, R. and Ullman, J. D.},
  title     = {Compiler: Prinzipien, Techniken und Werkzeuge},
  isbn      = {978-3-8273-7097-6},
  note      = {Das berühmte "Drachenbuch" :)},
  publisher = {Pearson Studium},
  year      = {2008},
  langid    = {de}
}

@Book{aho2013compilers,
  author    = {Aho, A.V. and Lam, M.S. and Sethi, R. and Ullman, J.D.},
  title     = {Compilers: Pearson New International Edition: Principles, Techniques, and Tools},
  isbn      = {978-1-2920-3723-3},
  publisher = {Pearson Education Limited},
  year      = {2013},
  langid    = {en}
}

@Electronic{Alhour2018,
  author  = {A. Alhour},
  title   = {Awesome Compilers},
  url     = {https://github.com/aalhour/awesome-compilers},
  urldate = {2018-08-21},
  year    = {2018},
  langid  = {en}
}

@Book{Ashouri2018,
  author    = {Ashouri, A. H. and Palermo, G. and Cavazos, J. and Silvano, C.},
  title     = {Automatic Tuning of Compilers Using Machine Learning},
  doi       = {10.1007/978-3-319-71489-9},
  isbn      = {978-3-319-71489-9},
  publisher = {Springer},
  year      = {2018},
  langid    = {en}
}

@Book{Ball2018a,
  author    = {T. Ball},
  title     = {Writing An Interpreter In Go},
  isbn      = {978-3-9820-1611-5},
  publisher = {Thorsten Ball},
  url       = {https://interpreterbook.com},
  urldate   = {2018-8-15},
  year      = {2018},
  langid    = {en}
}

@Book{Ball2018b,
  author    = {T. Ball},
  title     = {Writing A Compiler In Go},
  isbn      = {978-3-9820-1610-8},
  publisher = {Thorsten Ball},
  url       = {https://compilerbook.com/},
  urldate   = {2018-8-15},
  year      = {2018},
  langid    = {en}
}

@Book{Bettini2016,
  author    = {L. Bettini},
  title     = {Implementing Domain-Specific Languages with Xtext and Xtend},
  edition   = {2nd Revised edition},
  isbn      = {978-1-7864-6496-5},
  note      = {DSL mit Xtext erstellen, inkl. passendem Editor etc. (Eclipse-basiert). In Bibliothek nur die erste Auflage bestellbar?},
  publisher = {Packt Publishing},
  year      = {2016},
  langid    = {en}
}

@Book{Clausing2011,
  author    = {A. Clausing},
  title     = {Programmiersprachen: Konzepte, Strukturen und Implementierung in Java},
  doi       = {10.1007/978-3-8274-2851-6},
  isbn      = {978-3-8274-2851-6},
  note      = {extrem einfacher Scanner+Parser (erkauft durch Scheme-ähliche Syntax), aber Interpreter für verschiedene Sprachparadigmen (inkl. entsprechenden Symboltabellen etc.) ...},
  publisher = {Springer},
  year      = {2011},
  langid    = {de}
}

@Electronic{Diehl,
  author = {S. Diehl},
  title  = {Write You a Haskell},
  note   = {work in progress},
  langid = {en}
}

@Electronic{Diehl2017,
  author  = {S. Diehl},
  title   = {Implementing a JIT Compiled Language with Haskell and LLVM},
  url     = {https://github.com/sdiehl/kaleidoscope},
  urldate = {2018-08-21},
  year    = {2017},
  langid  = {en}
}

@Book{Draheim2017,
  author    = {D. Draheim},
  title     = {Semantics of the Probabilistic Typed Lambda Calculus},
  doi       = {10.1007/978-3-642-55198-7},
  isbn      = {978-3-642-55198-7},
  publisher = {Springer},
  year      = {2017},
  langid    = {en}
}

@Book{Grune2012,
  author    = {Grune, D. and van Reeuwijk, K. and Bal, H. E. and Jacobs, C. J. H. and Langendoen, K.},
  title     = {Modern Compiler Design},
  isbn      = {978-1-4614-4698-9},
  note      = {modernere Alternative zum Drachenbuch},
  publisher = {Springer},
  year      = {2012},
  langid    = {en}
}

@Book{SICP,
  author    = {Abelson, H. and Sussmann, G.J. and Sussmann, J.},
  title     = {Structure and Interpretation of Computer Programs},
  isbn      = {978-0-2625-1087-5},
  note      = {interessantere Alternative zum Drachenbuch},
  publisher = {MIT Press},
  url       = {https://mitpress.mit.edu/sites/default/files/sicp/index.html},
  urldate   = {2019-08-13},
  year      = {1996},
  langid    = {en}
}

@Book{Pierce2002,
  author    = {Pierce, B.C.},
  title     = {Types and Programming Languages},
  isbn      = {978-0-2621-6209-8},
  publisher = {MIT Press},
  year      = {2002},
  langid    = {en}
}

@Book{Kleuker2009,
  author    = {S. Kleuker},
  title     = {Formale Modelle der Softwareentwicklung},
  doi       = {10.1007/978-3-8348-9595-0},
  isbn      = {978-3-8348-9595-0},
  publisher = {Vieweg+Teubner},
  year      = {2009},
  langid    = {de}
}

@Electronic{Kunert2018,
  author  = {A. Kunert},
  title   = {LR(k)-Analyse für Pragmatiker},
  url     = {http://amor.cms.hu-berlin.de/~kunert/papers/lr-analyse/lr.pdf},
  urldate = {2018-11-20},
  year    = {2018},
  langid  = {de}
}

@Book{Lee2017,
  author    = {K. D. Lee},
  title     = {Foundations of Programming Languages},
  doi       = {10.1007/978-3-319-70790-7},
  isbn      = {978-3-319-70790-7},
  publisher = {Springer},
  year      = {2017},
  langid    = {en}
}

@Book{Levine2009,
  author    = {J. Levine},
  title     = {flex \& bison},
  isbn      = {978-0-5961-5597-1},
  publisher = {O'Reilly},
  year      = {2009},
  langid    = {en}
}

@Book{Mogensen2017,
  author    = {T. Mogensen},
  title     = {Introduction to Compiler Design},
  doi       = {10.1007/978-3-319-66966-3},
  isbn      = {978-3-319-66966-3},
  publisher = {Springer},
  year      = {2017},
  langid    = {en}
}

@Book{Nystrom2021,
  author    = {R. Nystrom},
  title     = {Crafting Interpreters},
  isbn      = {978-0-9905829-3-9},
  publisher = {Genever Benning},
  url       = {https://github.com/munificent/craftinginterpreters},
  urldate   = {2021-09-29},
  year      = {2021},
  langid    = {en}
}

@Book{Parr2014,
  author    = {T. Parr},
  title     = {The Definitive ANTLR 4 Reference},
  isbn      = {978-1-9343-5699-9},
  note      = {Antlr v4},
  publisher = {Pragmatic Bookshelf},
  year      = {2014},
  langid    = {en}
}

@Book{Parr2010,
  author    = {T. Parr},
  title     = {Language Implementation Patterns},
  isbn      = {978-1-9343-5645-6},
  note      = {Scanner und Parser, Fokus auf LL(*) und Antlr},
  publisher = {Pragmatic Bookshelf},
  year      = {2010},
  langid    = {en}
}

@Book{Schoening2009,
  author    = {U. Schöning},
  title     = {Theoretische Informatik, kurz gefasst},
  isbn      = {978-3-8274-1824-1},
  note      = {Wiederholung für CFG :)},
  publisher = {Spektrum Akademischer Verlag},
  year      = {2009},
  langid    = {de}
}

@Book{Scott2016,
  author    = {Scott, M. L.},
  title     = {Programming Language Pragmatics},
  isbn      = {978-0-1241-0409-9},
  publisher = {Elsevier MK},
  year      = {2016},
  langid    = {en}
}

@Book{Sestoft2017,
  author    = {P. Sestoft},
  title     = {Programming Language Concepts},
  doi       = {10.1007/978-3-319-60789-4},
  isbn      = {978-3-319-60789-4},
  publisher = {Springer},
  year      = {2017},
  langid    = {en}
}

@Book{Torczon2012,
  author    = {Torczon, L. and Cooper, K.},
  title     = {Engineering a Compiler},
  isbn      = {978-0-1208-8478-0},
  note      = {starker Fokus auf Optimierungstechniken (Backend)},
  publisher = {Elsevier MK},
  year      = {2012},
  langid    = {en}
}

@Book{Wagenknecht2014,
  author    = {Wagenknecht, C. and Hielscher, M.},
  title     = {Formale Sprachen, abstrakte Automaten und Compiler},
  doi       = {10.1007/978-3-658-02692-9},
  isbn      = {978-3-658-02692-9},
  publisher = {Springer Fachmedien Wiesbaden},
  year      = {2014},
  langid    = {de}
}

@Book{Watson2017,
  author    = {D. Watson},
  title     = {A Practical Approach to Compiler Construction},
  doi       = {10.1007/978-3-319-52789-5},
  isbn      = {978-3-319-52789-5},
  publisher = {Springer},
  year      = {2017},
  langid    = {en}
}

@Book{Wirth2011,
  author    = {N. Wirth},
  title     = {Grundlagen und Techniken des Compilerbaus},
  isbn      = {978-3-4867-0951-3},
  publisher = {Oldenbourg},
  year      = {2011},
  langid    = {de}
}

@Book{kirchner2005,
  author    = {Regenbogen, A. and Kirchner, F.},
  title     = {Wörterbuch der philosophischen Begriffe},
  isbn      = {978-3-7873-1761-5},
  publisher = {Meiner},
  series    = {Philosophische Bibliothek},
  url       = {https://books.google.de/books?id=3v3cPQAACAAJ},
  year      = {2005},
  langid    = {de}
}

@Book{hopcroft2003,
  author    = {Hopcroft, J.E. and Motwani, R. and Ullman, J.D.},
  title     = {Einführung in die Automatentheorie, formale Sprachen und Komplexitätstheorie},
  isbn      = {978-3-8273-7020-4},
  publisher = {Pearson Education Deutschland GmbH},
  series    = {I theoretische informatik},
  year      = {2003},
  langid    = {de}
}

@Misc{wiki:LLk-Grammatik,
  author       = {Wikipedia},
  title        = {LL(k)-Grammatik --- Wikipedia, The Free Encyclopedia},
  howpublished = {\url{http://de.wikipedia.org/w/index.php?title=LL(k)-Grammatik\&oldid=143824732}},
  note         = {[Online; accessed 06-November-2018]},
  year         = {2018},
  langid       = {de}
}

@Electronic{LLVM-org,
  author = {LLVM-Project},
  title  = {The LLVM Compiler Infrastructure},
  url    = {https://llvm.org/},
  note   = {[Online; accessed 04-May-2022]},
  year   = {2022},
  langid = {en}
}

@Electronic{LLVM-doc,
  author = {LLVM-Project},
  title  = {The LLVM Compiler Infrastructure - Documentation},
  url    = {https://releases.llvm.org/9.0.0/docs/index.html#},
  note   = {[Online; accessed 04-May-2022]},
  year   = {2022},
  langid = {en}
}

@Book{Güting1999,
  author    = {Güting, R. H.},
  title     = {Übersetzerbau: Techniken, Werkzeuge, Anwendungen},
  isbn      = {978-3-5406-5389-9},
  publisher = {Springer},
  year      = {1999},
  langid    = {de}
}

@Article{Packrat2006,
  author     = {B. Ford},
  title      = {Packrat Parsing: Simple, Powerful, Lazy, Linear Time},
  eprint     = {cs/0603077},
  eprinttype = {arXiv},
  url        = {http://arxiv.org/abs/cs/0603077},
  volume     = {abs/cs/0603077},
  bibsource  = {dblp computer science bibliography, https://dblp.org},
  biburl     = {https://dblp.org/rec/journals/corr/abs-cs-0603077.bib},
  journal    = {CoRR},
  timestamp  = {Mon, 13 Aug 2018 16:46:44 +0200},
  year       = {2006},
  langid     = {en}
}

@Book{GCHandbook2011,
  author    = {Jones, R. and Hosking, A. and Moss, E.},
  title     = {The Garbage Collection Handbook: The Art of Automatic Memory Management},
  isbn      = {978-1-4200-8279-1},
  publisher = {Routledge},
  year      = {2011},
  langid    = {en}
}

@Article{Ford2004Peg,
  author     = {Ford, B.},
  title      = {{Parsing Expression Grammars: A Recognition-Based Syntactic Foundation}},
  doi        = {10.1145/982962.964011},
  number     = {1},
  pages      = {111-122},
  url        = {https://doi.org/10.1145/982962.964011},
  volume     = {39},
  address    = {New York, NY, USA},
  issue_date = {January 2004},
  journal    = {SIGPLAN Not.},
  month      = {jan},
  numpages   = {12},
  publisher  = {Association for Computing Machinery},
  year       = {2004},
  langid     = {en}
}

@InProceedings{Ford2004Proceedings,
  author    = {Ford, B.},
  booktitle = {Proceedings of the 31st ACM SIGPLAN-SIGACT Symposium on Principles of Programming Languages},
  title     = {{Parsing Expression Grammars: A Recognition-Based Syntactic Foundation}},
  doi       = {10.1145/964001.964011},
  isbn      = {158113729X},
  location  = {Venice, Italy},
  pages     = {111-122},
  publisher = {Association for Computing Machinery},
  series    = {POPL '04},
  url       = {https://doi.org/10.1145/964001.964011},
  address   = {New York, NY, USA},
  keywords  = {packrat parsing, syntactic predicates, BNF, lexical analysis, regular expressions, parsing expression grammars, TDPL, context-free grammars, scannerless parsing, unified grammars, GTDPL},
  numpages  = {12},
  year      = {2004},
  langid    = {en}
}
